% Encoding: UTF8

% Neukirch - ANT.pdf
@BOOK{neukirch,
	title = {\textup{Algebraic Number Theory} \textup{[M]}},
	publisher = {Berlin Heidelberg: Springer-Verlag},
	author = {J. Neukirch},
	year = {1999},
	series = {\textup{Grundlehren der mathematischen Wissenschaften}},
	edition = {1},
	volume = {322}
}

% Serre - local fields.pdf
@BOOK{serre,
	title = {\textup{Local Fields} \textup{[M]}}, 
	publisher = {New York: Springer-Verlag}, 
	author = {J.-P. Serre}, 
	year = {1979}, 
	series = {\textup{Graduate Texts in Mathematics}}, 
	edition = {1}, 
	volume = {67}
}

% 基础拓扑学讲义.pdf
@BOOK{youchengye,
	title = {基础拓扑学讲义 \textup{[M]}},
	publisher = {北京：北京大学出版社，第1版},
	author = {尤承业},
	year = {2004}
}

% 实变函数与泛函分析基础
@BOOK{chengqixiang,
	title = {实变函数与泛函分析基础 \textup{[M]}},
	publisher = {北京：高等教育出版社，第4版},
	author = {程其襄，张奠宙和胡善文等},
	year = {2019}
}

% 实变函数论与泛函分析
@BOOK{xiadaoxing,
	title = {实变函数论与泛函分析 \textup{[M]}},
	publisher = {北京：高等教育出版社，第2版},
	author = {夏道行，吴卓人和严绍宗等},
	year = {1985}
}

% 离散数学
@BOOK{quwanlin,
	title = {离散数学 \textup{[M]}},
	publisher = {北京：清华大学出版社，第3版},
	author = {屈婉玲，耿素云和张立昂},
	year = {2014}
}

% 数学分析（上册)
@BOOK{shuxuefenxi1,
	title = {数学分析 \textup{(上册)[M]}},
	publisher = {北京：高等教育出版社，第4版},
	author = {华东师范大学数学系},
	year = {2010}
}

% 初等数论
@BOOK{minsihe,
	title = {初等数论 \textup{[M]}},
	publisher = {北京：高等教育出版社，第4版},
	author = {闵嗣鹤和严士健},
	year = {2020}
}

% 计算方法
@BOOK{yidayi,
	title = {计算方法 \textup{[M]}},
	publisher = {杭州：浙江大学出版社，第2版},
	author = {易大义，沈云宝和李有法},
	year = {2002}
}

% 完备化的直观表示
@BOOK{enochs,
	title = {\textup{Relative Homological Algebra} \textup{[M]}}, 
	publisher = {Berlin: Walter de Gruyer}, 
	author = {E.E. Enochs and O.M.G. Jenda}, 
	year = {2000}, 
	edition = {1}
}

% Local Fields and Their Extensions
@BOOK{fesenko,
	title = {\textup{Local Fields and Their Extensions} \textup{[M]}},
	publisher = {American Mathematical Society},
	author = {I.B. Fesenko and S.V. Vostokov},
	year = {2002},
	edition = {2}
}

% Zyklische Korper und Algebren der Charakteristik p vom Grade pn
@Article{Witt,
	title = {\textup{Zyklische Körper und Algebren der Charakteristik p vom Grade $p^n$} \textup{[J]}},
	author = {E. Witt},
	journal = {\textup{J. Reine Ang. Math.}},
	year = {1936},
	volume = {176},
	pages = {126--140}
}

% 代数学方法
@BOOK{liwenwei,
	title = {代数学方法（卷一：基础架构） \textup{[M]}},
	publisher = {北京：高等教育出版社，第1版},
	author = {李文威},
	year = {2018}
}

% 近世代数引论
@BOOK{fengkeqin,
	title = {近世代数引论 \textup{[M]}},
	publisher = {合肥：中国科学技术大学出版社，第3版},
	author = {冯克勤，李尚志和章璞},
	year = {2009}
}

% 费马小定理的几种证法及应用
@Article{wangzhilan,
	title = {费马小定理的几种证法及应用\textup{[J]}},
	author = {王志兰},
	journal = {廊坊师范学院学报（自然科学版）},
	year = {2009},
	volume = {9},
	pages = {11 -- 13}
}


